%% LaTeX2e file `quellen.bib'
%% generated by the `filecontents' environment
%% from source `"genetic toggle switch Final"' on 2018/04/17.
%%
{
 @online{1,
  title = {Manual},
  url = {http://apcmbp.uni-koeln.de/sites/biophyspraktikum/Prelab_Manual_FRET.pdf},
  urldate = {2017-12-02},
 }
 @online{2,
  title = {Refractive index of water},
  url = {http://hyperphysics.phy-astr.gsu.edu/hbase/Tables/indrf.html},
  urldate = {2017-12-02},
 }
 @online{3,
  title = {Quantum yield of Cy3},
  url = {http://www.atdbio.com/content/32/Cyanine-dyes},
  urldate = {2017-12-02},
 }
 @online{4,
  title = {Extinction coefficient of Cy5},
  url = {http://www.sigmaaldrich.com/technical-documents/protocols/biology/sample-labeling-and-processing.html},
  urldate = {2017-12-02},
 }
 @online{5,
  title = {Fluorescence spectroscopy},
  url = {https://de.wikipedia.org/wiki/Fluoreszenzspektroskopie},
  urldate = {2017-12-02},
 }

 @online{6,
  title = {FÃ¶rster Radius of Cy3-Cy5},
  url = {https://web.stanford.edu/class/cs379c/archive/2013/class_messages_listing/figures/fluorescence_resonance_energy_transfer.pdf},
  urldate = {2018-01-12},
 }
}
